%bibtex entries 

@misc{SCRAIM,
	title = {{SCRAIM - PM and Process Management SaaS}},
	note = {\url{https://scraim.com/}},
	urldate = {2015-02-10}
}

@techreport{Development2010,
	abstract = {CMMI® (Capability Maturity Model® Integration) models are collections of best practices that help organizations to improve their processes. These models are developed by product teams with members from industry, government, and the Software Engineering Institute (SEI). This model, called CMMI for Development (CMMI-DEV), provides a comprehensive integrated set of guidelines for developing products and services.},
	author = {{CMMI Product Team}},
	booktitle = {Carnegie Mellon University},
	doi = {CMU/SEI-2010-TR-033 ESC-TR-2010-033},
	file = {:Users/nelsonmendes/Dropbox/Tese/documentos/2010\_005\_001\_15287.pdf:pdf},
	isbn = {CMU/SEI-2006-TR-008},
	issn = {CMU/SEI-2010-TR-033},
	keywords = {CMM,CMMI,CMMI for Development,Development,Version 1.3,development model,improvement,product development model,reference model,software process},
	number = {November},
	pages = {482},
	title = {{CMMI for Development, Version 1.3}},
	url = {http://repository.cmu.edu/sei/287/},
	year = {2010}
}

@techreport{SCAMPITeam2013,
	author = {{SCAMPI Team}},
	file = {:Users/nelsonmendes/Dropbox/Tese/documentos/2011\_002\_001\_15311.pdf:pdf},
	keywords = {1.3: Method Definition Document,Standard CMMI Appraisal Method for Process Improve,Version},
	number = {March},
	title = {{Standard CMMI Appraisal Method for Process Improvement (SCAMPI) Version 1.3a: Method Definition Document for SCAMPI A, B, and C}},
	year = {2013}
}

@misc{ITMARKASSESSMENT,
	title = {{ITMARK ASSESSMENT}},
	note = {\url{http://www.it-mark.eu/appraisaltool/}},
	urldate = {2015-06-20}
}
@misc{capabilityassess,
	title = {{Assess Your Organization's Capability}},
	note = {\url{http://assessyourcapability.com/}},
	urldate = {2015-06-20}
}

@phdthesis{Pinto2010,
	author = {Pinto, Jo\~{a}o and Faria, Joao Pascoal},
	file = {:Users/nelsonmendes/Dropbox/Tese/documentos/Dissertation-Final Version.pdf:pdf},
	number = {June},
	school = {Faculty of Engineering of the University of Porto},
	title = {{Tools to Support Practical Teaching of Software Engineering}},
	year = {2010}
}
@misc{Appraisal2015,
	keywords = {Appraisal tool,Assessment tool,CMMI Appraisal,CMMI tool,GCI,SCAMPI,SPICE assessment,SPICE tool,assessment instrument,quality,research,search,sqi,tools},
	title = {{Appraisal Assistant-CMMI appraisal tool / ISO 15504 assessment tool}},
	note = {\url{https://www.sqi.griffith.edu.au/AppraisalAssistant/about.html}},
	urldate = {2015-02-10}
}